

@Manual{citeR,
    title = {{R: A Language and Environment for Statistical Computing}},
    author = {{R Core Team}},
    organization = {R Foundation for Statistical Computing},
    address = {Vienna, Austria},
    year = {2023},
    url = {https://www.R-project.org/},
  }
  
  
@Manual{xgboost,
    title = {{R: A Language and Environment for Statistical Computing}},
    author = {{R Core Team}},
    organization = {R Foundation for Statistical Computing},
    address = {Vienna, Austria},
    year = {2023},
    url = {https://www.R-project.org/},
  }
  
  
  
@Manual{citeLahman,
    title = {{Lahman: Sean `Lahman' Baseball Database}},
    author = {Michael Friendly and Chris Dalzell and Martin Monkman and Dennis Murphy},
    year = {2020},
    note = {R package version 8.0-0},
    url = {https://CRAN.R-project.org/package=Lahman},
  }  
  
  
@article{gebru2021datasheets,
  title={Datasheets for datasets},
  author={Gebru, Timnit and Morgenstern, Jamie and Vecchione, Briana and Vaughan, Jennifer Wortman and Wallach, Hanna and Iii, Hal Daum{\'e} and Crawford, Kate},
  journal={Communications of the ACM},
  volume={64},
  number={12},
  pages={86--92},
  year={2021},
  publisher={ACM New York, NY, USA}
}

@Misc{rstanarm,
    title = {{rstanarm: {Bayesian} applied regression modeling via {Stan}}},
    author = {Ben Goodrich and Jonah Gabry and Imad Ali and Sam Brilleman},
    note = {R package version 2.21.3},
    year = {2022},
    url = {https://mc-stan.org/rstanarm/},
  }
  
@Manual{palmerpenguins,
    title = {{palmerpenguins: Palmer Archipelago (Antarctica) penguin data}},
    author = {Allison Marie Horst and Alison Presmanes Hill and Kristen B Gorman},
    year = {2020},
    note = {R package version 0.1.0},
    doi = {10.5281/zenodo.3960218},
    url = {https://allisonhorst.github.io/palmerpenguins/},
  }
  
  
@book{tellingstories,
    title = {Telling Stories with Data},
    author = {Rohan Alexander},
    year = {2023},
    publisher = {Chapman; Hall/CRC},
    url = {https://tellingstorieswithdata.com/}
  }  
  
  

@Manual{shelter,
    title = {Deaths of Shelter Residents},
    author = {{Toronto Shelter & Support Services}},
    year = {2024},
    note = {As accessed 2024-10-02.},
    url = {https://open.toronto.ca/dataset/deaths-of-shelter-residents/},
  }  